<?xml version="1.0" encoding="UTF-8"?><collection xmlns="http://www.loc.gov/MARC21/slim"><record><leader>00542nam--2200145-i-4500</leader><controlfield tag="001">000040487</controlfield><controlfield tag="002">20161230</controlfield><controlfield tag="005">20170122113116</controlfield><controlfield tag="008">060222s1000------------r-----000-0-eng-d</controlfield><datafield ind1=" " ind2=" " tag="080"><subfield code="a">530.1</subfield></datafield><datafield ind1=" " ind2=" " tag="100"><subfield code="a">Schaefer, Clemens</subfield></datafield><datafield ind1=" " ind2=" " tag="245"><subfield code="a">Einfuhrung in die theoretische physik. In drei banden. Band I. Mechanik materieller punkte, mechanik starer korper und mechanik der kontinua(elastizitat und hydrodynamik). Funfee durchgesehene auflage</subfield></datafield><datafield ind1=" " ind2=" " tag="260"><subfield code="a">Berlin</subfield><subfield code="b">Walter De Gruyter And Co</subfield><subfield code="c">1950-1955</subfield></datafield><datafield ind1=" " ind2=" " tag="852"><subfield code="a">10908</subfield></datafield><datafield ind1=" " ind2=" " tag="CAT"><subfield code="a">SYS</subfield><subfield code="c">20170122</subfield><subfield code="h">113116</subfield></datafield></record></collection>